
@book{murphy2022probabilistic,
  title={Probabilistic Machine Learning: An Introduction},
  author={Murphy, Kevin P.},
  year={2022},
  publisher={The MIT Press},
  address={Cambridge, Massachusetts; London, England}
}


%%%%%%%%%%%%%%%%%%%%%%%%%%%%%%%
%%%%%%%%%% APRENDIZAJE AUTOM√ÅTICO %%%%%
%%%%%%%%%%%%%%%%%%%%%%%%%%%%%%%
@Inbook{samuelCheckers,
editor="Sammut, Claude
and Webb, Geoffrey I.",
title="Samuel's Checkers Player",
bookTitle="Encyclopedia of Machine Learning",
year="2010",
publisher="Springer US",
address="Boston, MA",
pages="881--881",
isbn="978-0-387-30164-8",
doi="10.1007/978-0-387-30164-8_740",
url="https://doi.org/10.1007/978-0-387-30164-8_740"
}

@article{mitchell1997mcgraw,
  title={McGraw-Hill},
  author={Mitchell, Tom M and Learning, Machine},
  journal={New York},
  pages={154--200},
  year={1997}
}

@book{mirtaheri2022machine,
  title={Machine Learning},
  author={Mirtaheri, Seyedeh Leili and Shahbazian, Reza},
  year={2022},
  publisher={CRC Press},
}

%%%%%%%%%%%%%%%%%%%%%%%%%%%%%%%%%%%%%%
%%%%%%%%%%%% REDES NEURONALES %%%%%%%%%%%%%%
%%%%%%%%%%%%%%%%%%%%%%%%%%%%%%%%%%%%%%

@article{mcculloch1943logical,
  title={A logical calculus of the ideas immanent in nervous activity},
  author={McCulloch, Warren S and Pitts, Walter},
  journal={Bulletin of Mathematical Biophysics},
  volume={5},
  number={4},
  pages={115--133},
  year={1943},
  publisher={Springer},
  doi={10.1007/BF02478259}
}

@book{jurafsky2023speech,
  title={Speech and Language Processing: An Introduction to Natural Language Processing, Computational Linguistics, and Speech Recognition},
  author={Jurafsky, Daniel and Martin, James H.},
  edition={Third Edition draft},
  publisher={Stanford University and University of Colorado at Boulder},
  year={2023},
  note={Draft version}
}


%%%%%%%%%%%%%%%%%%%%%%%%%%%%%%%%%%%%%%%%
%%%%%%%%%%%%%%% TRANSFORMERS %%%%%%%%%%%%%%%
%%%%%%%%%%%%%%%%%%%%%%%%%%%%%%%%%%%%%%%


@misc{vaswani2023attentionneed,
      title={Attention Is All You Need}, 
      author={Ashish Vaswani and Noam Shazeer and Niki Parmar and Jakob Uszkoreit and Llion Jones and Aidan N. Gomez and Lukasz Kaiser and Illia Polosukhin},
      year={2023},
      eprint={1706.03762},
      archivePrefix={arXiv},
      primaryClass={cs.CL},
      url={https://arxiv.org/abs/1706.03762}, 
}

%lora
@misc{hu2021loralowrankadaptationlarge,
      title={LoRA: Low-Rank Adaptation of Large Language Models}, 
      author={Edward J. Hu and Yelong Shen and Phillip Wallis and Zeyuan Allen-Zhu and Yuanzhi Li and Shean Wang and Lu Wang and Weizhu Chen},
      year={2021},
      eprint={2106.09685},
      archivePrefix={arXiv},
      primaryClass={cs.CL},
      url={https://arxiv.org/abs/2106.09685}, 
}

